@misc{riskoptics-2022,
	title        = {{What is Cyber Governance? &mdash; RiskOptics}},
	author       = {RiskOptics},
	year         = 2022,
	month        = 10,
	url          = {https://reciprocity.com/resources/what-is-cyber-governance/}
}
@misc{cybersecurity-and-infrastructure-security-agency-cisa-cybersecurity-governance-no-date,
	title        = {{Cybersecurity Governance | CISA}},
	author       = {Cybersecurity and Infrastructure Security Agency CISA Cybersecurity Governance},
	url          = {https://www.cisa.gov/topics/cybersecurity-best-practices/cybersecurity-governance}
}
@misc{atkinson-2021,
	title        = {{Breaking the Divide Between Governance and Operational Cybersecurity}},
	author       = {Atkinson, Chief Information Security Officer, Sean},
	year         = 2021,
	month        = 7,
	url          = {https://www.cisecurity.org/insights/blog/breaking-the-divide-between-governance-and-operational-cybersecurity}
}
@misc{nakar-2022,
	title        = {{Cybersecurity Risk Management | Frameworks, Analysis & Assessment | Imperva}},
	author       = {Nakar, Ori},
	year         = 2022,
	month        = 10,
	url          = {https://www.imperva.com/learn/data-security/cybersecurity-risk-management/}
}
@misc{ibm-cyber-risk-management-no-date,
	title        = {{What is cyber risk management? | IBM}},
	author       = {IBM cyber risk management},
	url          = {https://www.ibm.com/topics/cyber-risk-management}
}
@book{united-states-cybersecurity-and-infrastructure-security-agency-2023,
	title        = {{Cybersecurity Best Practices for Smart Cities}},
	author       = {United States Cybersecurity and Infrastructure Security Agency  and United States National Security Agency  and United States Federal Bureau of Investigation and United Kingdom National Cyber Security Centre and Australian Cyber Security Centre and Canadian Centre for Cyber Security  and New Zealand National Cyber Security Centre},
	year         = 2023,
	month        = 4
}
@article{pandey-2019,
	title        = {{Making smart cities cybersecure | Deloitte}},
	author       = {Pandey, Piyush and Golden, Deborah and Peasley, Sean and Kelkar, Mahesh},
	year         = 2019,
	month        = 4,
	journal      = {Deloitte Insights},
	url          = {https://www.deloitte.com/global/en/our-thinking/insights/industry/government-public-services/smart-city/making-smart-cities-cyber-secure.html}
}
@article{shacklett-2019,
	title        = {{10 ways to develop cybersecurity policies and best practices}},
	author       = {Shacklett, Mary},
	year         = 2019,
	month        = 1,
	url          = {https://www.zdnet.com/article/10-ways-to-develop-cybersecurity-policies-and-best-practices/}
}
@book{the-center-for-internet-security-inc-no-date,
	title        = {{NIST Cybersecurity Framework}},
	author       = {The Center for Internet Security, Inc.  [CIS]}
}
@misc{securityscorecard-2023,
	title        = {{How to design an effective cybersecurity Policy}},
	author       = {SecurityScorecard},
	year         = 2023,
	month        = 4,
	url          = {https://securityscorecard.com/blog/cybersecurity-policy-examples/}
}
@misc{microsoft-no-date,
	title        = {{What Is Access Control? | Microsoft Security}},
	author       = {Microsoft},
	url          = {https://www.microsoft.com/en-us/security/business/security-101/what-is-access-control}
}
@misc{valamis-2023,
	title        = {{Cybersecurity Training}},
	author       = {Valamis},
	year         = 2023,
	month        = 7,
	url          = {https://www.valamis.com/hub/cybersecurity-training}
}
@misc{mitullah-shako-associates-2022,
	title        = {{THE CYBER SECURITY FRAMEWORK IN KENYA – Mitullah Shako & Associates}},
	author       = {Mitullah Shako & Associates},
	year         = 2022,
	month        = 1,
	url          = {https://mitullahshakolaw.com/the-cyber-security-framework-in-kenya/}
}
@misc{watts-2023,
	title        = {{Infrastructure Security 101: An Introduction}},
	author       = {Watts, Stephen},
	year         = 2023,
	month        = 7,
	url          = {https://www.splunk.com/en_us/blog/learn/infrastructure-security.html?301=/en_us/data-insider/what-is-infrastructure-security.html}
}
@misc{trend-micro-network-security-measures-no-date,
	title        = {{What are network security measures?}},
	author       = {Trend Micro network security measures},
	url          = {https://www.trendmicro.com/en_us/what-is/network-security/network-security-measures.html}
}
@misc{cybersecurity-and-infrastructure-security-agency-cisa-patches-and-software-updates-2023,
	title        = {{Understanding Patches and Software Updates | CISA}},
	author       = {Cybersecurity and Infrastructure Security Agency CISA patches and software updates},
	year         = 2023,
	month        = 2,
	url          = {https://www.cisa.gov/news-events/news/understanding-patches-and-software-updates}
}
@misc{watchguard-technologies-vulnerabilities-exploited-2023,
	title        = {{76\% of vulnerabilities exploited in 2022 were up to 13 years old}},
	author       = {WatchGuard Technologies vulnerabilities exploited},
	year         = 2023,
	month        = 5,
	url          = {https://www.watchguard.com/wgrd-news/blog/software-updates-and-patching-right-formula-against-cyberattacks}
}
@misc{fortinet-no-date,
	title        = {{What is IoT Security? Definition and Challenges of IoT Security}},
	author       = {Fortinet},
	url          = {https://www.fortinet.com/resources/cyberglossary/iot-security}
}
@article{praveen-2023,
	title        = {{IoT Security: Safeguarding Critical Networks Against Digital Assaults}},
	author       = {Praveen},
	year         = 2023,
	month        = 9,
	journal      = {Cybersecurity Exchange},
	url          = {https://www.eccouncil.org/cybersecurity-exchange/network-security/guide-to-iot-security-protecting-critical-networks/}
}
@misc{world-economic-forum-securing-critical-infrastructure-2023,
	title        = {{Here's why securing critical infrastructure is so important}},
	author       = {World Economic Forum securing critical infrastructure},
	year         = 2023,
	month        = 10,
	url          = {https://www.weforum.org/agenda/2022/05/securing-systemically-important-critical-infrastructure/}
}
@misc{world-economic-forum-global-cybersecurity-outlook-2023,
	title        = {{Global Cybersecurity Outlook 2022}},
	author       = {World Economic Forum Global Cybersecurity Outlook},
	year         = 2023,
	month        = 10,
	url          = {https://www.weforum.org/reports/global-cybersecurity-outlook-2022}
}
@misc{securing-networks-cybersecurity-and-infrastructure-security-agency-cisa-no-date,
	title        = {{Securing Networks | Cybersecurity and Infrastructure Security Agency CISA}},
	author       = {Securing Networks | Cybersecurity and Infrastructure Security Agency CISA},
	url          = {https://www.cisa.gov/topics/cyber-threats-and-advisories/securing-networks}
}
@article{otoole-2023,
	title        = {{Securing IoT devices in the smart-city era}},
	author       = {O'Toole, Lori},
	year         = 2023,
	month        = 3,
	url          = {https://www.electronicproducts.com/securing-iot-devices-in-the-smart-city-era/}
}
@book{joshi-2021,
	title        = {{Lightweight Security Protocols for Securing IoT Devices in Smart Cities}},
	author       = {Joshi, Mahesh and Mazumdar, Bodhisatwa and Dey, Somnath},
	year         = 2021,
	month        = 1,
	booktitle    = {Advanced sciences and technologies for security applications},
	pages        = {89--108},
	doi          = {10.1007/978-3-030-72139-8\{_}5},
	url          = {https://doi.org/10.1007/978-3-030-72139-8_5}
}
@misc{amthul-2019,
	title        = {{Can smart cities be secured and trusted? | Thales}},
	author       = {Amthul , Senior Product Marketing Manager, Nisha},
	year         = 2019,
	month        = 10,
	url          = {https://cpl.thalesgroup.com/blog/encryption/can-smart-cities-be-secured-and-trusted}
}
@misc{appleton-2022,
	title        = {{The Importance of Cyber Security &amp; Data Protection for Smart Cities}},
	author       = {Appleton, Joe},
	year         = 2022,
	month        = 11,
	url          = {https://www.beesmart.city/en/strategy/the-importance-of-cyber-security-and-data-protection-for-smart-cities}
}
@misc{isaca-db-backup-2012,
	title        = {{Database Backup and Recovery Best Practices}},
	author       = {ISACA db backup},
	year         = 2012,
	month        = 9,
	url          = {https://www.isaca.org/resources/isaca-journal/past-issues/2012/database-backup-and-recovery-best-practices}
}
@misc{convocar-2023,
	title        = {{2023 Data Backup Best Practices [Updated]}},
	author       = {Convocar, Jessa Mikka},
	year         = 2023,
	month        = 8,
	url          = {https://www.itsasap.com/blog/data-backup-best-practices}
}
@article{flynn-2021,
	title        = {{5 Best Practices for Performing Data Backup and Recovery}},
	author       = {Flynn, Shannon},
	year         = 2021,
	month        = 12,
	journal      = {Big Data, Data Analytics, IOT, Software Testing, Blockchain, Data Lake - Submit Your Guest Post},
	url          = {https://www.thinkdataanalytics.com/best-practices-for-performing-data-backup/}
}
@misc{communications-authority-of-kenya-incidents-no-date,
	title        = {{KE-CIRT – Communications Authority of Kenya}},
	author       = {Communications Authority of Kenya Incidents},
	url          = {https://ke-cirt.go.ke/}
}
@misc{ibm-incidents-response-no-date,
	title        = {{What is incident response?  | IBM }},
	author       = {IBM Incidents response},
	url          = {https://www.ibm.com/topics/incident-response}
}
@misc{australian-cybersecurity-center-2020,
	title        = {{IoT Secure-by-Design Guidance for Manufacturers | Cyber.gov.au}},
	author       = {Australian CyberSecurity Center},
	year         = 2020,
	month        = 9,
	url          = {https://www.cyber.gov.au/resources-business-and-government/maintaining-devices-and-systems/system-hardening-and-administration/system-hardening/iot-secure-design-guidance-manufacturers}
}
@article{unknown-author-2023,
	title        = {{NIST Cybersecurity for IoT Program | NIST}},
	year         = 2023,
	month        = 9,
	journal      = {NIST},
	url          = {https://www.nist.gov/itl/applied-cybersecurity/nist-cybersecurity-iot-program}
}
@misc{fernandez-2020,
	title        = {{New IoT security regulations: what you need to know - ALLOT}},
	author       = {Fernández, VP Cyber Security, Product Sales, Strategic Partnerships, Angel},
	year         = 2020,
	month        = 1,
	url          = {https://www.allot.com/blog/new-iot-security-regulations-what-you-need-to-know/}
}
@misc{mulika-2021,
	title        = {{Privacy Regulation On The Internet Of Things (IoT) - TripleOKLaw}},
	author       = {Mulika, Catherine Kariuki},
	year         = 2021,
	month        = 9,
	url          = {https://tripleoklaw.com/privacy-regulation-on-the-internet-of-things-iot/}
}
@misc{trend-micro-2021,
	title        = {{IoT Security Issues, Threats, and Defenses}},
	author       = {Trend Micro},
	year         = 2021,
	month        = 7,
	url          = {https://www.trendmicro.com/vinfo/us/security/news/internet-of-things/iot-security-101-threats-issues-and-defenses}
}
@article{wolf-2022A,
	title        = {{Network Segmentation: A Key Measure for IoT Security}},
	author       = {Wolf, Arctic},
	year         = 2022,
	month        = 6,
	journal      = {Arctic Wolf},
	url          = {https://arcticwolf.com/resources/blog/network-segmentation-a-key-measure-for-iot-security/}
}
@article{wolf-2022B,
	title        = {{Network Segmentation: A Key Measure for IoT Security}},
	author       = {Wolf, Arctic},
	year         = 2022,
	month        = 6,
	journal      = {Arctic Wolf},
	url          = {https://arcticwolf.com/resources/blog/network-segmentation-a-key-measure-for-iot-security/}
}
@book{juniper-networks-2022,
	title        = {{Secure network access for IoT devices at distributed enterprises}},
	author       = {JUNIPER NETWORKS},
	year         = 2022,
	month        = 7,
	publisher    = {JUNIPER NETWORKS},
	volume       = {3510681-002-EN}
}
@misc{grigas-2023,
	title        = {{What is cybersecurity awareness training?}},
	author       = {Grigas,  Cybersecurity Content Writer, Lukas},
	year         = 2023,
	month        = 8,
	url          = {https://nordpass.com/blog/cybersecurity-awareness-training/}
}
@article{ward-2023,
	title        = {{Five Benefits of a Cyber Awareness Training Program}},
	author       = {Ward, Megan},
	year         = 2023,
	month        = 10,
	journal      = {TPx Communications},
	url          = {https://www.tpx.com/blog/five-benefits-of-a-cyber-awareness-training-program/}
}
@misc{begeny-2023,
	title        = {{10 best practices for building an effective security awareness program - The SHI Resource Hub}},
	author       = {Begeny, Kelly},
	year         = 2023,
	month        = 10,
	url          = {https://blog.shi.com/cybersecurity/security-awareness-training-best-practices/}
}
@misc{c4dlab-no-date,
	title        = {{CyberSecurity Training | C4DLab}},
	author       = {C4DLab},
	url          = {http://c4dlab.uonbi.ac.ke/training/cybersecurity/}
}
@article{biniyaz-2023,
	title        = {{How to Mitigate Cybersecurity Risks Associated With Supply Chain Partners and Vendors}},
	author       = {Biniyaz, Jim Koohyar},
	year         = 2023,
	month        = 7,
	url          = {https://www.entrepreneur.com/science-technology/how-to-mitigate-cybersecurity-risks-within-supply-chain/454758}
}
@article{ramos-2021,
	title        = {{What is supply chain security?}},
	author       = {Ramos, Magda and Ramos, Magda},
	year         = 2021,
	month        = 5,
	journal      = {IBM Blog},
	url          = {https://www.ibm.com/blog/what-is-supply-chain-security/}
}
@misc{bahr-2023,
	title        = {{8 Best Practices in Cyber Supply Chain Risk Management to Stay Safe}},
	author       = {Bahr, Justin},
	year         = 2023,
	month        = 3,
	url          = {https://www.legitsecurity.com/blog/8-best-practices-in-cyber-supply-chain-risk-management-to-stay-safe}
}
@misc{adala-2022,
	title        = {{Legal Support in Supply Chains, the Kenyan Experience}},
	author       = {Adala, Senior Associate, Edna},
	year         = 2022,
	month        = 9,
	url          = {https://www.roedl.com/insights/international-supply-chain-law/kenya-compliance-management-guidelines-labour-law}
}
@misc{muthui-2020,
	title        = {{What Kenya's data law means for supply chain management}},
	author       = {Muthui, Samba},
	year         = 2020,
	month        = 12,
	url          = {https://www.cips.org/supply-management/opinion/2020/d/what-kenyas-data-law-means-for-supply-chain-management/}
}
@misc{comptia-no-date,
	title        = {{What Is Cybersecurity Compliance | CompTIA}},
	author       = {CompTIA},
	url          = {https://www.comptia.org/content/articles/what-is-cybersecurity-compliance}
}
@misc{east-africa-hi-tech-solutions-laws-regulations-2023,
	title        = {{Cybersecurity Laws and Regulations in Kenya}},
	author       = {East Africa Hi-Tech Solutions},
	year         = 2023,
	month        = 9,
	url          = {https://eastafricahitechsolutions.co/cybersecurity-laws-and-regulations-in-kenya/}
}
@misc{macoduol-2022,
	title        = {{Data protection and cybersecurity laws in Kenya | CMS Expert Guide}},
	author       = {MacOduol, Partner, Samson and Gatuguti, Associate, Brian  and Mutemi, Jessica},
	year         = 2022,
	month        = 3,
	url          = {https://cms.law/en/int/expert-guides/cms-expert-guide-to-data-protection-and-cyber-security-laws/kenya}
}
@misc{world-economic-forum-2023,
	title        = {{Why global harmonisation of cybersecurity regulations would be like music to our ears}},
	author       = {World Economic Forum [WEF]},
	year         = 2023,
	month        = 10,
	url          = {https://www.weforum.org/agenda/2022/03/why-global-harmonisation-of-cybersecurity-regulations-would-be-like-music-to-our-ears/}
}
@misc{the-european-union-agency-for-cybersecurity-enisa-2016,
	title        = {{NCSS Good Practice Guide}},
	author       = {The European Union Agency for Cybersecurity (ENISA)},
	year         = 2016,
	month        = 11,
	url          = {https://www.enisa.europa.eu/publications/ncss-good-practice-guide}
}
@techreport{lostri-2022,
	title        = {{A Shared Responsibility: Public-Private Cooperation for Cybersecurity}},
	author       = {Lostri, Eugenia and Lewis, James Andrew and Wood, Georgia},
	year         = 2022,
	month        = 10,
	url          = {https://www.csis.org/analysis/shared-responsibility-public-private-cooperation-cybersecurity}
}
@article{mbaka-2023,
	title        = {{State seeks public views on cyber security regulations}},
	author       = {Mbaka, James},
	year         = 2023,
	month        = 9,
	url          = {https://www.the-star.co.ke/news/realtime/2023-09-12-state-seeks-public-views-on-cyber-security-regulations/}
}
@misc{allage-2023,
	title        = {{What is Continuous Cybersecurity Monitoring?}},
	author       = {Allage, Ali and Allage, Ali},
	year         = 2023,
	month        = 4,
	url          = {https://bluesteelcyber.com/what-is-continuous-cybersecurity-monitoring/}
}
@misc{secureframe-2023,
	title        = {{6 Benefits of Continuous Monitoring for Cybersecurity | Secureframe}},
	author       = {Secureframe},
	year         = 2023,
	month        = 5,
	url          = {https://secureframe.com/blog/continuous-monitoring-cybersecurity}
}
@article{cybersecurity-automation-2021,
	title        = {{Continuous Monitoring Cybersecurity}},
	author       = {Cybersecurity Automation},
	year         = 2021,
	month        = 11,
	journal      = {Cybersecurity Automation},
	url          = {https://www.cybersecurity-automation.com/continuous-monitoring-cybersecurity/}
}
@techreport{wall-2022,
	title        = {{Leveraging Allies and Partners}},
	author       = {Wall, Colin and Ellehuus, Rachel},
	year         = 2022,
	month        = 10,
	url          = {https://www.csis.org/analysis/leveraging-allies-and-partners}
}
@article{bcs-the-chartered-institute-for-it-2021,
	title        = {{Why collaboration makes cybersecurity stronger}},
	author       = {BCS, The Chartered Institute for IT},
	year         = 2021,
	month        = 8,
	journal      = {BCS},
	url          = {https://www.bcs.org/articles-opinion-and-research/why-collaboration-makes-cybersecurity-stronger/}
}
@misc{cybersecurity-and-infrastructure-security-agency-2021,
	title        = {{Partnerships and Collaboration | Cybersecurity and Infrastructure Security Agency CISA}},
	author       = {Cybersecurity and Infrastructure Security Agency [CISA]},
	year         = 2021,
	url          = {https://www.cisa.gov/topics/partnerships-and-collaboration}
}
@article{singh-2023,
	title        = {{Accountability in Cybersecurity: Save Money, Reduce Cyber Risk}},
	author       = {Singh, Shishir},
	year         = 2023,
	month        = 1,
	url          = {https://blogs.blackberry.com/en/2023/01/accountability-in-cybersecurity}
}
@misc{kost-2023,
	title        = {{Why is Executive Reporting in Cybersecurity Important in 2023? | UpGuard}},
	author       = {Kost, Edward},
	year         = 2023,
	month        = 10,
	url          = {https://www.upguard.com/blog/why-is-executive-reporting-in-cybersecurity-important}
}
@misc{chin-2023,
	title        = {{Why is Cyber Incident Reporting Important? | UpGuard}},
	author       = {Chin, Kyle},
	year         = 2023,
	month        = 10,
	url          = {https://www.upguard.com/blog/cyber-incident-reporting}
}
@misc{ashitiva-2022,
	title        = {{CYBERCRIME AND CYBERSECURITY IN KENYA - Ashitiva Advocates}},
	author       = {Ashitiva},
	year         = 2022,
	month        = 9,
	url          = {https://www.ashitivaadvocates.com/cybercrime-and-cybersecurity-in-kenya/}
}
@misc{opurum-2022,
	title        = {{The Importance of a Security Budget - FieldEdge}},
	author       = {Opurum, Paulynn},
	year         = 2022,
	month        = 12,
	url          = {https://fieldedge.com/blog/importance-of-security-budget/}
}
@article{roohparvar-2023,
	title        = {{Cybersecurity budgeting and resource allocation made simple}},
	author       = {Roohparvar, Robert},
	year         = 2023,
	month        = 10,
	journal      = {Cyber Security Solutions, Compliance, and Consulting Services - IT Security},
	url          = {https://www.infoguardsecurity.com/cybersecurity-budgeting-and-resource-allocation-made-simple/}
}
@misc{leidwinger-no-date,
	title        = {{The threat of suboptimal budget allocation for cybersecurity}},
	author       = {Leidwinger,  VP of Portfolio Marketing, Stacy},
	url          = {https://www.secureworks.com/blog/suboptimal-budget-allocation-for-cybersecurity}
}
@article{muli-2022,
	title        = {{Budget 2022/23: Money allocated for every key sector}},
	author       = {Muli, Francis},
	year         = 2022,
	month        = 4,
	journal      = {People Daily},
	url          = {https://www.pd.co.ke/news/budget-2022-23-money-allocated-for-every-key-sector-122383/}
}
@article{mello-2022,
	title        = {{How 2023 cybersecurity budget allocations are shaping up}},
	author       = {Mello, Jr, John},
	year         = 2022,
	month        = 8,
	url          = {https://www.csoonline.com/article/573477/how-2023-cybersecurity-budget-allocations-are-shaping-up.html}
}
@misc{freeze-2021,
	title        = {{Global Cybersecurity Spending To Exceed $1.75 Trillion From 2021-2025}},
	author       = {Freeze, Di},
	year         = 2021,
	month        = 9,
	url          = {https://cybersecurityventures.com/cybersecurity-spending-2021-2025/}
}
@misc{national-computer-and-cybercrimes-coordination-committee-no-date,
	title        = {{National Cybersecurity Strategy 2022 – 2027 – NC4}},
	author       = {National Computer and Cybercrimes Coordination Committee [NC4]},
	url          = {https://nc4.go.ke/national-cybersecurity-strategy-2022-2027/}
}
@misc{riskoptics-2023,
	title        = {{Cybersecurity Audits: Best Practices + Checklist &mdash; RiskOptics}},
	author       = {RiskOptics},
	year         = 2023,
	month        = 1,
	url          = {https://reciprocity.com/resource-center/best-practices-cybersecurity-audits/}
}
@misc{miller-2023,
	title        = {{What is a Cybersecurity Audit & Why is it Important?}},
	author       = {Miller, Arielle},
	year         = 2023,
	month        = 7,
	url          = {https://agileblue.com/what-is-a-cybersecurity-audit-why-is-it-important/}
}
@misc{chimwanda-2022,
	title        = {{Essentials for an Effective Cybersecurity Audit}},
	author       = {Chimwanda, CISA, CIA, CISSP, Elastos},
	year         = 2022,
	month        = 4,
	url          = {https://www.isaca.org/resources/news-and-trends/industry-news/2022/essentials-for-an-effective-cybersecurity-audit}
}
@book{the-national-kecirtcc-2022,
	title        = {{THE NATIONAL KE-CIRT/CC CYBERSECURITY REPORT OCTOBER TO DECEMBER 2022}},
	author       = {The National KECIRT/CC},
	year         = 2022,
	month        = 12,
	publisher    = {Communications Authority of Kenya}
}
@misc{east-africa-hi-tech-solutions-2023,
	title        = {{Cyber security audits in Kenya}},
	author       = {East Africa Hi-Tech solutions},
	year         = 2023,
	month        = 2,
	url          = {https://eastafricahitechsolutions.co/cyber-security-audits-in-kenya/}
}
